@article{bach2006optical,
    title = {Optical illusions},
    author = {Bach, Michael and Poloschek, Charlotte M},
    journal = {Adv Clin Neurosci Rehabil},
    volume = {6},
    number = {2},
    pages = {20--21},
    year = {2006},
    publisher = {Citeseer},
}
